@article{Deffner2024,
  title = {Bridging theory and data: A computational workflow for cultural evolution},
  volume = {121},
  ISSN = {1091-6490},
  url = {http://dx.doi.org/10.1073/pnas.2322887121},
  DOI = {10.1073/pnas.2322887121},
  number = {48},
  journal = {Proceedings of the National Academy of Sciences},
  publisher = {Proceedings of the National Academy of Sciences},
  author = {Deffner,  Dominik and Fedorova,  Natalia and Andrews,  Jeffrey and McElreath,  Richard},
  year = {2024},
  month = nov 
}

@book{Timbers2024,
  title = {Reproducible and Trustworthy Workflows for Data Science},
  author = {Tiffany A. Timbers and Joel Ostblom and Florencia D'Andrea and Rodolfo Lourenzutti and Daniel Chen},
  year = {2025},
}


@book{Alexander2023,
  title = {Telling Stories with Data},
  author = {Rohan Alexander},
  year = {2023},
}


@book{healy2019,
  title = {Data Visualization: A Practical Introduction},
  author = {Kieran Healy},
  year = {2019},
  publisher = {Princeton University Press}
}

@book{cleveland1994,
  title = {The Elements of Graphing Data},
  author = {William Cleveland},
  year = {1994},
  publisher = {Hobart Press}
}

